@misc {InstallMariaDBCentos7,
	author = {DigitalOcean},
	howpublished = {\url{https://www.digitalocean.com/community/tutorials/how-to-install-mariadb-on-centos-7}},
	note = {Accessed: 2017-03-22}
}

@misc {InstallLAMPCentos7,
	author = {DigitalOcean},
	howpublished = {\url{https://www.digitalocean.com/community/tutorials/how-to-install-linux-apache-mysql-php-lamp-stack-on-centos-7}},
	note = {Accessed: 2017-03-22}
}

@misc {InstallLAMPUbuntu14.04,
	author = {DigitalOcean},
	howpublished = {\url{https://www.digitalocean.com/community/tutorials/how-to-install-linux-apache-mysql-php-lamp-stack-on-ubuntu-14-04}},
	note = {Accessed: 2017-03-23}
}

@misc {EnableRemoteAccessToMariaDB,
	author = {MariaDB},
	howpublished = {\url{https://mariadb.com/kb/en/mariadb/configuring-mariadb-for-remote-client-access/}},
	note = {Accessed: 2017-03-22}
}

@misc {PHPRemoteMySQLConnection,
	author = {StackOverflow},
	howpublished = {\url{http://stackoverflow.com/questions/16858965/warning-mysqli-connect-unknown-mysql-server-host/}},
	note = {Accessed: 2017-03-22}
}

